@techreport{ipcc2013,
  title={IPCC, 2013: Climate Change 2013: The Physical Science Basis. Contribution of Working Group I to the Fifth Assessment Report of the Intergovernmental Panel on Climate Changes},
  author={Stocker, T.F. and D. Qin, G.-K. Plattner and M. Tignor and S.K. Allen and J. Boschung and A. Nauels and Y. Xia and V. Bex and P.M. Midgley},
  address={Cambridge University Press, Cambridge, United Kingdom and New York, NY, USA},
  year={2013}
}
